@book{aa12,
  title={Too hot to touch: the problem of high-level nuclear waste},
  author={Alley, William M and Alley, Rosemarie},
  year={2012},
  publisher={Cambridge University Press},
  annote={Good review on the problem of high-level nuclear waste. See
          chap. 7-9 for overview of storage methods and part II for geological
          deposit.}
}

@book{gc01,
  title={Megawatts and Megatons},
  author={Garwin, Richard L and Charpak, Georges},
  year={2001},
  publisher={Knopf},
  annote={Good for the physics and history of nuclear energy. It offers a broader
          perspective on the topic of nuclear energy.}
}

@book{me06,
  title={Uncertainty underground: Yucca Mountain and the nation's high-level nuclear waste},
  author={Macfarlane, Allison and Ewing, Rodney C},
  year={2006},
  publisher={MIT Press},
  annote={This books goes into the detail of geological deposit in the case
          of the Yucca mountain. It is technical enough and contains a lot of
          information on geology. Part V is a rigorous introduction to the waste forms.
          It also has some nice calculations for risk assessments.}
}

@book{b13,
  title={Introduction to nuclear science},
  author={Bryan, Jeff C},
  year={2013},
  publisher={CRC Press},
  annote={texbook on nuclear science for nuclear professionals, need to read.}
}

@article{s96,
  title={Effects of atomic radiation: a half-century of studies from Hiroshima and Nagasaki},
  author={Schull, William J},
  year={1996},
  publisher={Wiley-Liss, New York, NY (United States)},
  annote={a famous study on the health effect of nuclear radiation}
}

@article{b12,
  title={Blue Ribbon Commission on America’s Nuclear Future, Report to the Secretary of Energy},
  author={{Blue Ribbon Commission and others}},
  journal={Prepared by the Blue Ribbon Commission on America’s Nuclear Future for the US Department of Energy, Washington, DC},
  year={2012},
  annote={Seems to be an important document of the current matter in the US}
}

@book{holt2010nuclear,
  title={Nuclear Waste Disposal: Alternatives to Yucca Mountain},
  author={Holt, Mark},
  year={2010},
  publisher={DIANE Publishing},
}
