@book{s01,
    title={Radioactive waste management},
    author={Saling, James and Fentimen, Audeen},
    year={2001},
    edition={2nd},
    publisher={Taylor \& Francis},
    address={New York}
}

@misc{nrc09,
    author={{United States Nuclear Regulatory Commission}},
    title={U.S. Nuclear Regulatory Commission Regulations: Title 10, Code of Federal Regulations},
    year={2009}
}
@book{lb01,
    title={Introduction to nuclear reactor theory},
    author={Lamarsh, J.R. and Baratta, A. J.},
    edition={3rd},
    year={2001},
    publisher={Prentice Hall},
    address={Upper Saddle River, New Jersey}
}

@book{unscear12,
    title={Sources, Effects and Risks of Ionizing Radiation},
    author={{United Nations Scientific Committee on the Effects of Atomic Radiation}},
    year=2012,
    publisher={United Nations Scientific Committee on the Effects of Atomic Radiation},
    address={New York}
}
@book{u16,
    title={Radiation: Effects and Sources},
    author={{United Nations Environment Programme}},
    year=2016,
    publisher={United Nations Environment Programme},
    address={Austria}
}

@article{icrp74,
    title={Conversion Coefficients for use in Radiological Protection against External Radiation},
    author={ICRP},
    journal={Ann. ICRP},
    number={26},
    pages={3-4}
}

@book{w98,
    title={Introductory Nuclear Physics},
    author={Wong, Samuel SM},
    publisher={Wiley-VCH},
    edition={2nd},
    year={1998},
    address={New York}
}

@book{k88,
    title={Introductory nuclear physics},
    author={Krane, Kenneth S},
    year={1988},
    publisher={Wiley},
    address={New York}
}

@book{l01,
    title={Nuclear Physics: Principles and Applications},
    author={Lilley, JS},
    year={2001},
    publisher={Wiley-VCH},
    address={Chichester}

}
@book{iaea08,
    title={Estimation of Global Inventories of Radioactive Waste and Other Radioactive Materials},
    author={{INTERNATIONAL ATOMIC ENERGY AGENCY}},
    year={2008},
    publisher={INTERNATIONAL ATOMIC ENERGY AGENCY},
    address={Vienna}
}

@book{iaea12,
    title={Energy, Electricity and Nuclear Power Estimates for the Period up to 2050},
    author={{INTERNATIONAL ATOMIC ENERGY AGENCY}},
    series={Reference Data Series},
    number={1},
    year={2012},
    publisher={INTERNATIONAL ATOMIC ENERGY AGENCY},
    address={Vienna}
}
@book{iaea09,
    title={Classification of Radioactive Waste},
    author={{INTERNATIONAL ATOMIC ENERGY AGENCY}},
    series={IAEA Safety Standards Series},
    number={GSG-1},
    year={2009},
    publisher={INTERNATIONAL ATOMIC ENERGY AGENCY},
    address={Vienna}
}

@book{iaea99,
    title={Survey of Wet and Dry Spent Fuel Storage},
    author={{INTERNATIONAL ATOMIC ENERGY AGENCY}},
    series={IAEA-TECDOC-1100},
    year={1999},
    publisher={INTERNATIONAL ATOMIC ENERGY AGENCY},
    address={Vienna}
}
@incollection{r12,
    title={Highly Radioactive Waste Dispoal: A Global Concern},
    author={Rogers, Kenneth A.},
    editor={Yuan, Wenxu and Hidaka, Satoshi},
    chapter={7},
    publisher={Nova Science Publishers},
    year={2012},
    booktitle={Environmental Science, Engineering and Technology : Radioactive Waste: Sources, Types and Management : Sources, Types and Management},
}

@book{aa12,
  title={Too hot to touch: the problem of high-level nuclear waste},
  author={Alley, William M and Alley, Rosemarie},
  year={2012},
  publisher={Cambridge University Press},
}

@book{gc01,
  title={Megawatts and Megatons},
  author={Garwin, Richard L and Charpak, Georges},
  year={2001},
  publisher={Knopf},
}

@book{me06,
  title={Uncertainty underground: Yucca Mountain and the nation's high-level nuclear waste},
  author={Macfarlane, Allison and Ewing, Rodney C},
  year={2006},
  publisher={MIT Press},
}

@book{b13,
  title={Introduction to nuclear science},
  author={Bryan, Jeff C},
  year={2013},
  publisher={CRC Press},
}

@article{s96,
  title={Effects of atomic radiation: a half-century of studies from Hiroshima and Nagasaki},
  author={Schull, William J},
  year={1996},
  publisher={Wiley-Liss, New York, NY (United States)},
}

@article{b12,
  title={Blue Ribbon Commission on America’s Nuclear Future, Report to the Secretary of Energy},
  author={{Blue Ribbon Commission and others}},
  journal={Prepared by the Blue Ribbon Commission on America’s Nuclear Future for the US Department of Energy, Washington, DC},
  year={2012},
}

@book{holt2010nuclear,
  title={Nuclear Waste Disposal: Alternatives to Yucca Mountain},
  author={Holt, Mark},
  year={2010},
  publisher={DIANE Publishing},
}

@misc{e17,
    title = {Energy Content in some Common Energy Sources},
    url = {http://www.engineeringtoolbox.com/energy-content-d_868.html},
    howpublished = {Web},
    note = {The Engineering Toolbox, Date Accessed: 2017-01-04}
}

@book{my68,
    title={Nuclear Reaction Analysis},
    author={Marion, J.B. and Young, F.C.},
    year={1968},
    publisher={North-Holland},
    address={Amsterdam}
}

@article{j83,
  title={Inventories and characteristics of transuranic waste},
  author={Jensen, RT},
  journal={Nuclear and Chemical Waste Management},
  volume={4},
  number={1},
  pages={19--24},
  year={1983},
  publisher={Elsevier}
}

@article{a11,
  title={Spent Nuclear Fuel Pools in the US},
  author={Alvarez, Robert},
  journal={Institute for Policy Studies},
  year={2011}
}

@book{nwtb09,
    title={Nuclear Waste Technical Review Board (June 11, 2009) Meeting Transcript},
    author={{Nuclear Waste Technical Review Board}},
    year=2009
}

@article{fmr11,
    title={Managing nuclear spent fuel: Policy lessons from a 10-country study},
    author={Feiveson, Harold and Mian, Zia and Ramana, M. V. and von Hippel, Frank},
    journal={Bulletin of the Atomic Scientists},
    year=2011
}

@article{b09,
    title={Deep borehole disposal of high-level radioactive waste},
    author={Brady, Patrick V and Arnold, Bill W and Freeze, Geoff A and Swift, Peter N and Bauer, Stephen J and Kanney, Joseph L and Rechard, Robert P and Stein, Joshua S},
    journal={Sandia Report SAND2009-4401, Sandia National Laboratories, Albuquerque, New Mexico},
    year={2009}
}

@article{c15,
  title={Deep sleep},
  author={Cornwall, Warren},
  journal={Science},
  volume={349},
  number={6244},
  pages={132--135},
  year={2015},
  publisher={American Association for the Advancement of Science}
}

@article{m06,
  title={Stuck on a Solution},
  author={MacFarlane, Allison},
  journal={Bulletin of the Atomic Scientists},
  volume={62},
  number={3},
  pages={46--52},
  year={2006},
  publisher={SAGE Publications Sage UK: London, England}
}

@article{epa93,
    title={40 CFR Part 191: Environmental Radiation Protection Standards for the Management and Disposal of Spent Nuclear Fuel, High-Level and Transuranic Radioactive Wastes; Final Rule},
    author={{Environmental Protection Agency}},
    journal={Federal Register},
    volume={58},
    pages={66398--66416},
    year=1993
}

@techreport{ocrwm02,
    title={Yucca Mountain Site Suitability Evaluation},
    author={{Office of Civilian Radioactive Waste Managment}},
    year=2002,
    institution={Department of Energy},
    number={DOE/RW-0549}
}

@article{s16,
  title={Near miss at Fukushima is a warning for US},
  author={Stone, Richard},
  journal={Science},
  volume={352},
  number={6289},
  pages={1039--1040},
  year={2016},
  publisher={American Association for the Advancement of Science}
}

